@misc { newburger2001,
   author = "Eric C Newburger",
   title = "Home Computers and Internet Use in the United States: August 2000",
   publisher = "United States Census Bureau",
   howpublished = "\url{https://www.census.gov/prod/2001pubs/p23-207.pdf}",
   year = "2001" 
 }

@misc { file2014,
   author = "Thom File and Camille Ryan",
   title = "Computer and Internet Use in the United States: 2013",
   publisher = "United States Census Bureau",
   howpublished = "\url{http://www.census.gov/content/dam/Census/library/publications/2014/acs/acs-28.pdf}",
   year = "2014" 
}
       
@article { nass1999,
    author = {Nass, Clifford and Moon, Youngme and Carney, Paul},
    title = {Are People Polite to Computers? Responses to Computer-Based Interviewing Systems1},
    journal = {Journal of Applied Social Psychology},
    volume = {29},
    number = {5},
    publisher = {Blackwell Publishing Ltd},
    issn = {1559-1816},
    url = {http://dx.doi.org/10.1111/j.1559-1816.1999.tb00142.x},
    doi = {10.1111/j.1559-1816.1999.tb00142.x},
    pages = {1093--1109},
    year = {1999},
}