@article{nass1999people,
  title={Are People Polite to Computers? Responses to Computer-Based Interviewing Systems1},
  author={Nass, Clifford and Moon, Youngme and Carney, Paul},
  journal={Journal of Applied Social Psychology},
  volume={29},
  number={5},
  pages={1093--1109},
  year={1999},
  publisher={Wiley Online Library}
}

@book{reeves1996people,
  title={How people treat computers, television, and new media like real people and places},
  author={Reeves, Byron and Nass, Clifford},
  year={1996},
  publisher={CSLI Publications and Cambridge university press}
}

@article{katagiri2001cross,
  title={Cross-cultural studies of the computers are social actors paradigm: The case of reciprocity},
  author={Katagiri, Yasuhiro and Nass, Clifford and Takeuchi, Yugo},
  journal={Usability evaluation and interface design: Cognitive engineering, intelligent agents, and virtual reality},
  pages={1558--1562},
  year={2001}
}

@article{krysan2003race,
  title={Race in the live and the virtual interview: Racial deference, social desirability, and activation effects in attitude surveys},
  author={Krysan, Maria and Couper, Mick P},
  journal={Social psychology quarterly},
  pages={364--383},
  year={2003},
  publisher={JSTOR}
}

@inproceedings{vidyarthi2011sympathetic,
  title={Sympathetic guitar: humans respond socially to interactive technology in an abstract, expressive context},
  author={Vidyarthi, Jay and Riecke, Bernhard E and Antle, Alissa Nicole},
  booktitle={Proceedings of the International Symposium on Computational Aesthetics in Graphics, Visualization, and Imaging},
  pages={9--16},
  year={2011},
  organization={ACM}
}

@article{wang2007can,
  title={Can a retail web site be social?},
  author={Wang, Liz C and Baker, Julie and Wagner, Judy A and Wakefield, Kirk},
  journal={Journal of marketing},
  volume={71},
  number={3},
  pages={143--157},
  year={2007},
  publisher={American Marketing Association}
}


@article{wilkison2008effects,
  title={Effects of mental model quality on collaborative system performance},
  author={Wilkison, Bart D},
  year={2008},
  publisher={Georgia Institute of Technology}
}