@article{nass1999people,
  title={Are People Polite to Computers? Responses to Computer-Based Interviewing Systems1},
  author={Nass, Clifford and Moon, Youngme and Carney, Paul},
  journal={Journal of Applied Social Psychology},
  volume={29},
  number={5},
  pages={1093--1109},
  year={1999},
  publisher={Wiley Online Library},
  url = {http://dx.doi.org/10.1111/j.1559-1816.1999.tb00142.x}
}

@book{reeves1996people,
  title={How people treat computers, television, and new media like real people and places},
  author={Reeves, Byron and Nass, Clifford},
  year={1996},
  publisher={CSLI Publications and Cambridge university press},
  url={http://www.humanityonline.com/docs/the\%20media\%20equation.pdf}
}

@article{katagiri2001cross,
  title={Cross-cultural studies of the computers are social actors paradigm: The case of reciprocity},
  author={Katagiri, Yasuhiro and Nass, Clifford and Takeuchi, Yugo},
  journal={Usability evaluation and interface design: Cognitive engineering, intelligent agents, and virtual reality},
  pages={1558--1562},
  year={2001},
  url={http://web.ics.purdue.edu/~duffy/IE486_Spr07/ComputersAsSocialActor.pdf}
}

@article{krysan2003race,
  title={Race in the live and the virtual interview: Racial deference, social desirability, and activation effects in attitude surveys},
  author={Krysan, Maria and Couper, Mick P},
  journal={Social psychology quarterly},
  pages={364--383},
  year={2003},
  publisher={JSTOR},
  url={http://www.jstor.org/stable/1519835?seq=1#page_scan_tab_contents}
}

@inproceedings{vidyarthi2011sympathetic,
  title={Sympathetic guitar: humans respond socially to interactive technology in an abstract, expressive context},
  author={Vidyarthi, Jay and Riecke, Bernhard E and Antle, Alissa Nicole},
  booktitle={Proceedings of the International Symposium on Computational Aesthetics in Graphics, Visualization, and Imaging},
  pages={9--16},
  year={2011},
  organization={ACM},
  url={http://dl.acm.org/citation.cfm?id=2030443}
}

@article{wang2007can,
  title={Can a retail web site be social?},
  author={Wang, Liz C and Baker, Julie and Wagner, Judy A and Wakefield, Kirk},
  journal={Journal of marketing},
  volume={71},
  number={3},
  pages={143--157},
  year={2007},
  publisher={American Marketing Association},
  url={http://journals.ama.org/doi/abs/10.1509/jmkg.71.3.143}
}


@article{wilkison2008effects,
  title={Effects of mental model quality on collaborative system performance},
  author={Wilkison, Bart D},
  year={2008},
  publisher={Georgia Institute of Technology},
  url = {http://pro.sagepub.com/content/51/22/1506.short}
}

% STUFF MATT ADDED BELOW THIS LINE

@article {Nass2000machines,
author = {Nass, Clifford and Moon, Youngme},
title = {Machines and Mindlessness: Social Responses to Computers},
journal = {Journal of Social Issues},
volume = {56},
number = {1},
publisher = {Blackwell Publishers Inc.},
issn = {1540-4560},
url = {http://dx.doi.org/10.1111/0022-4537.00153},
doi = {10.1111/0022-4537.00153},
pages = {81--103},
year = {2000},
}

@article{Zadro2004560,
title = "How low can you go? Ostracism by a computer is sufficient to lower self-reported levels of belonging, control, self-esteem, and meaningful existence ",
journal = "Journal of Experimental Social Psychology ",
volume = "40",
number = "4",
pages = "560 - 567",
year = "2004",
note = "",
issn = "0022-1031",
doi = "http://dx.doi.org/10.1016/j.jesp.2003.11.006",
url = "http://www.sciencedirect.com/science/article/pii/S0022103103001823",
author = "Lisa Zadro and Kipling D Williams and Rick Richardson",
}

@article{Bickmore:2005:EML:1067860.1067867,
 author = {Bickmore, Timothy W. and Picard, Rosalind W.},
 title = {Establishing and Maintaining Long-term Human-computer Relationships},
 journal = {ACM Trans. Comput.-Hum. Interact.},
 issue_date = {June 2005},
 volume = {12},
 number = {2},
 month = jun,
 year = {2005},
 issn = {1073-0516},
 pages = {293--327},
 numpages = {35},
 url = {http://doi.acm.org/10.1145/1067860.1067867},
 doi = {10.1145/1067860.1067867},
 acmid = {1067867},
 publisher = {ACM},
 address = {New York, NY, USA},
 keywords = {Human-computer interaction, embodied conversational agent, relational agent, social interface},
} 

@INPROCEEDINGS{groom2011, 
author={V. Groom and V. Srinivasan and C. L. Bethel and R. Murphy and L. Dole and C. Nass}, 
booktitle={Collaboration Technologies and Systems (CTS), 2011 International Conference on}, 
title={Responses to robot social roles and social role framing}, 
year={2011}, 
pages={194-203}, 
keywords={disasters;human-robot interaction;psychology;service robots;social sciences;disaster response;human-robot interaction;robot social roles;social behavior;social role framing;Context;Educational robots;Games;Humans;Load modeling;Media;Human-robot interaction;disaster response;framing;social roles}, 
doi={10.1109/CTS.2011.5928687}, 
month={May},
url="http://ieeexplore.ieee.org/xpl/articleDetails.jsp?arnumber=5928687"
}

@Inbook{Hoffmann2009,
author="Hoffmann, Laura
and Kr{\"a}mer, Nicole C.
and Lam-chi, Anh
and Kopp, Stefan",
editor="Ruttkay, Zs{\'o}fia
and Kipp, Michael
and Nijholt, Anton
and Vilhj{\'a}lmsson, Hannes H{\"o}gni",
chapter="Media Equation Revisited: Do Users Show Polite Reactions towards an Embodied Agent?",
title="Intelligent Virtual Agents: 9th International Conference, IVA 2009 Amsterdam, The Netherlands, September 14-16, 2009 Proceedings",
year="2009",
publisher="Springer Berlin Heidelberg",
address="Berlin, Heidelberg",
pages="159--165",
isbn="978-3-642-04380-2",
doi="10.1007/978-3-642-04380-2_19",
url="http://dx.doi.org/10.1007/978-3-642-04380-2_19"
}

@INPROCEEDINGS{lung2008, 
author={J. Lung and J. Aranda and S. Easterbrook and G. Wilson}, 
booktitle={Software Engineering, 2008. ICSE '08. ACM/IEEE 30th International Conference on}, 
title={On the difficulty of replicating human subjects studies in software engineering}, 
year={2008}, 
pages={191-200}, 
keywords={computer science education;programming;software engineering;human subjects experiment;introductory programming course;literal replication;mental models;software engineering;Cognitive science;Collaboration;Data analysis;Humans;Lungs;Packaging;Performance evaluation;Permission;Software engineering;Testing;empirical;experience report;human subjects;replication}, 
doi={10.1145/1368088.1368115}, 
ISSN={0270-5257}, 
month={May},
url="http://dx.doi.org/10.1145/1368088.1368115"
}

@article{Moon1998,
title = "Are computers scapegoats? Attributions of responsibility in humanâcomputer interaction ",
journal = "International Journal of Human-Computer Studies ",
volume = "49",
number = "1",
pages = "79 - 94",
year = "1998",
note = "",
issn = "1071-5819",
doi = "http://dx.doi.org/10.1006/ijhc.1998.0199",
url = "http://www.sciencedirect.com/science/article/pii/S1071581998901999",
author = "Youngme Moon and Clifford Nass"
}

%end Stuff matt added